@misc{gplv3,
    author       = {Free Software Foundation},
    title        = {{GNU} {G}eneral {P}ublic {L}icense},
    version      = {3},
	howpublished = {\url{http://www.gnu.org/licenses/gpl.html}},
    shorthand    = {GPL},
}

@misc{impact-football-mood,
	author       = {Radek Janhub},
	title        = {Do victories and losses matter? Effects of football on life satisfaction},
	howpublished = {\url{https://www.sciencedirect.com/science/article/pii/S016748701730507X?casa_token=pMkFXejT5UkAAAAA:nc4cw3tC-QipR4HbeytE5wXd73oq6qKznpMN9ORl2EbxoqYMaI37KKyLvVPTbw4IjEAOQAo5GQ#s0110}}
}

@misc{act-footballist,
	author       = {Mehmet KARA, Nuriye Şeyma KARA, Arif ÖZSARI},
	title        = {ATTITUDE TOWARDS FOOTBALL AND MEANING OF LIFE: RESEARCH ON PROFESSIONAL
AND AMATEUR FOOTBALL PLAYER },
	howpublished = {\url{https://ijoeec.com/Makaleler/1923543826_19.%201968-1983%20nuriye%20%c5%9feyma%20kara.pdf}}
}

@misc{economy-football,
	author       = {Murat Aygün, Yunus Savaş, Dilek Alma Savaş},
	title        = {The relation between football clubs and economic growth: the case of developed countries},
	howpublished = {\url{https://www.nature.com/articles/s41599-023-02074-2}}
}

@misc{first-injury,
	author       = {Francisco Ayala and Alejandro López-Valenciano and Jose Antonio Gámez Martín and Mark De Ste Croix and Francisco J. Vera-Garcia and Maria del Pilar García-Vaquero and Iñaki Ruiz-Pérez and Gregory D. Myer},
	title        = {A Preventive Model for Hamstring Injuries in Professional Soccer: Learning Algorithms
},
	howpublished = {\url{https://www.thieme-connect.com/products/ejournals/html/10.1055/a-0826-1955?casa_token=zx-rxDM5ezQAAAAA:9628z8Mx1dqHlQsJi9O0OSHNP31M4l6p5BXwo3EOXBb5--sfwx5_fGxssZclYLnK2-hhIZyoP1fy89fO#N11829}}
}

@misc{second-injury,
	author       = {Alejandro López-Valenciano and Francisco Ayala 1 and José Miguel Puerta and Mark De Ste Croix and Francisco Vera-García and Sergio Hernández-Sánchez and Iñaki Ruiz-Pérez and Gregory Myer}, 
	title        = {A Preventive Model for Muscle Injuries: A Novel Approach based on Learning Algorithms},
	howpublished = {\url{https://pmc.ncbi.nlm.nih.gov/articles/PMC6582363/}}
}

@misc{third-injury,
	author       = {Nikki Rommers and Roland Rössler and Evert Verhagen and Florian Vandecasteele and Steven Verstockt and Roel Vaeyens and Matthieu Lenoir and Eva D’Hondt and  Erik Witvrouw}, 
	title        = {A Machine Learning Approach to Assess Injury Risk
in Elite Youth Football Players},
	howpublished = {\url{https://www.researchgate.net/profile/Nikki-Rommers/publication/339402608_A_Machine_Learning_Approach_to_Assess_Injury_Risk_in_Elite_Youth_Football_Players/links/5f45c7bda6fdcccc4305c0ac/A-Machine-Learning-Approach-to-Assess-Injury-Risk-in-Elite-Youth-Football-Players.pdf}}
}

@misc{first-outcome,
	author       = {Uwe Dick and Ulf Brefeld}, 
	title        = {Learning to Rate Player Positioning in Soccer},
	howpublished = {\url{https://www.liebertpub.com/doi/full/10.1089/big.2018.0054}}
}

@misc{second-outcome,
	author       = {Floris R. Goes and Michel S. Brink and Marije T. Elferink-Gemser and Matthias Kempe and Koen A.P.M. Lemmink}, 
	title        = {The tactics of successful attacks in professional association football: large-scale spatiotemporal analysis of dynamic subgroups using position tracking data},
	howpublished = {\url{https://www.tandfonline.com/doi/full/10.1080/02640414.2020.1834689#abstract}}
}

@misc{first-passes,
	author       = {Łukasz Szczepański and Ian McHale}, 
	title        = {Beyond Completion Rate: Evaluating the Passing Ability of Footballers},
	howpublished = {\url{https://academic.oup.com/jrsssa/article/179/2/513/7068214?login=false}}
}

@misc{second-passes,
	author       = {Sanjay Chawla and Joël Estephan and Joachim Gudmundsson and Michael Horton}, 
	title        = {Classification of Passes in Football Matches Using Spatiotemporal Data},
	howpublished = {\url{https://dl.acm.org/doi/abs/10.1145/3105576}}
}

@misc{first-other,
	author       = {Daniel Link and Martin Hoernig}, 
	title        = {Individual ball possession in soccer},
	howpublished = {\url{https://journals.plos.org/plosone/article?=10.1371/journal.pone.0179953}}
}

@misc{second-other,
	author       = {Raúl Montoliu and Raúl Martín-Félez and Joaquín Torres-Sospedra and Adolfo Martínez-Usó}, 
	title        = {Team activity recognition in Association Football using a Bag-of-Words-based method},
	howpublished = {\url{https://www.sciencedirect.com/science/article/pii/S0167945715000494}}
}

@misc{third-other,
	author       = {Konstantin Knauf, Daniel Memmert, Ulf Brefeld}, 
	title        = {Spatio-temporal convolution kernels},
	howpublished = {\url{https://link.springer.com/article/10.1007/s10994-015-5520-1}}
}

@misc{first-career,
	author       = {Donald Barron and Graham Ball and Matthew Robins and Caroline Sunderland}, 
	title        = {Artificial neural networks and player recruitment in professional soccer},
	howpublished = {\url{https://journals.plos.org/plosone/article?id=10.1371/journal.pone.0205818}}
}

@misc{second-career,
	author       = {Bartosz Ćwiklinski and Agata Giełczyk and Michał Choraś}, 
	title        = {Who Will Score? A Machine Learning Approach to Supporting Football Team Building and Transfers},
	howpublished = {\url{https://www.mdpi.com/1099-4300/23/1/90}}
}

@misc{starting-up,
	author       = {Abraham García-Aliaga and Moisés Marquina and Javier Coterón and Asier Rodríguez-González and Sergio Luengo-Sánchez}, 
	title        = {In-game behaviour analysis of football players using machine learning techniques based on player statistics},
	howpublished = {\url{https://journals.sagepub.com/doi/full/10.1177/1747954120959762?casa_token=wddabkKktdYAAAAA%3AF9BUThp7FfO3lUET8bdKHHrleeChxahqe-ST-RUHjVGc7g13xln20YYZMFkBo6ityIydOdfOuhYp6g}}
}

@misc{third-outcome,
	author       = {Jassim AlMulla and Mohammad Tariqul Islam and Hamada R. H. Al-Absi and Tanvir Alam}, 
	title        = {SoccerNet: A Gated Recurrent Unit-based model to predict soccer match winners},
	howpublished = {\url{https://journals.plos.org/plosone/article?id=10.1371/journal.pone.0288933}}
}

@misc{sueldo-junior,
	author       = {talent}, 
	title        = {Sueldo de Programador/a junior en España},
	howpublished = {\url{https://es.talent.com/salary?job=programador+junior}}
}

@misc{sueldo-sistemas,
	author       = {talent}, 
	title        = {Sueldo de ingeniero en sistemas en España},
	howpublished = {\url{https://es.talent.com/salary?job=ingeniero+en+sistemas}}
}

@misc{gdpr,
	author       = {European Union}, 
	title        = {General Data Protection Regulation},
	howpublished = {\url{https://eur-lex.europa.eu/legal-content/EN/TXT/HTML/?uri=OJ:L:2016:119:FULL&from=EN}}
}

@inbook{software-engineering,
	author = {Ian Sommervile},
	title = {Software Engineering},
	bookTitle = {Software Engineering},
	year = 2016,
	publisher = {Springer International Publishing},
	isbn = {0-321-31379-8},
}

@misc{just-estadisticas,
	author       = {Sofascore}, 
	title        = {Estadísticas de partido},
	howpublished = {\url{https://www.sofascore.com/es/football/match/getafe-villarreal/ugbsjhb#id:12437568}}
}

@misc{Sofascore,
	author       = {Sofascore}, 
	title        = {Web oficial de Sofascore},
	howpublished = {\url{https://www.sofascore.com/es/}}
}

@misc{algoritmo_genetico,
	author       = {Brad L. Mille and David E. Goldberg}, 
	title        = {Genetic Algorithms, Tournament Selection and the Effects of Noise},
	howpublished = {\url{https://wpmedia.wolfram.com/sites/13/2018/02/09-3-2.pdf}}
}

@misc{Top_eleven,
	author       = {Top Eleven}, 
	title        = {Top Eleven},
	howpublished = {\url{https://www.topeleven.com/es/}}
}

@misc{supertest,
	author       = {visionmedia}, 
	title        = {Super-agent driven library for testing node.js HTTP servers using a fluent API},
	howpublished = {\url{https://github.com/visionmedia/supertest}}
}

@misc{travis-ci,
	author       = {Travis CI}, 
	title        = {Test and Deploy with Confidence},
	howpublished = {\url{https://travis-ci.org/}}
}

@misc{ubuntu-usage,
	author       = {w3techs}, 
	title        = {Usage statistics and market share of Linux for websites},
	howpublished = {\url{https://w3techs.com/technologies/details/os-linux/all/all}}
}

@misc{gespol,
	author       = {GESPOL}, 
	title        = {GESPOL Security and Safety Systems},
	howpublished = {\url{http://bilbo2.servebbs.net:9980/gespolweb/index.php/}}
}

@misc{appolo,
	author       = {almerimatik}, 
	title        = {Appolo, aplicación integral para Cuerpos de Policía Local},
	howpublished = {\url{http://www2.almerimatik.es/appolo/}}
}

@misc{scrum,
	author       = {Scrum Manager}, 
	title        = {Troncal I. Scrum Master},
	howpublished = {\url{http://scrummanager.net/files/scrum_manager.pdf}}
}

@misc{vagrant,
	author       = {HashiCorp}, 
	title        = {Development Environments Made Easy},
	howpublished = {\url{https://www.vagrantup.com/}}
}

@misc{passport-func,
	author       = {centuryLink}, 
	title        = {Authentication with passport.js},
	howpublished = {\url{https://www.ctl.io/developers/blog/post/build-user-authentication-with-node-js-express-passport-and-mongodb}}
}

@misc{image-unit-test,
	author       = {Martin Fowler}, 
	title        = {Unit test},
	howpublished = {\url{https://martinfowler.com/bliki/UnitTest.html}}
}

@misc{image-ci,
	author       = {FileCatalyst}, 
	title        = {Continuous integration diagram},
	howpublished = {\url{http://filecatalyst.com/wp-content/uploads/2014/12/Continuous-Integration-Diagram.png}}
}

@misc{image-node,
	author       = {Belisoft}, 
	title        = {PHP vs Nodejs},
	howpublished = {\url{https://belitsoft.com/php-development-services/php7-vs-nodejs}}
}

@misc{image-node-arch,
	author       = {Codeburst}, 
	title        = {All about Node.js},
	howpublished = {\url{https://codeburst.io/all-about-node-js-you-wanted-to-know-25f3374e0be7}}
}

@misc{image-mongoose,
	author       = {Medium}, 
	title        = {Introduction to Mongoose},
	howpublished = {\url{https://medium.freecodecamp.org/introduction-to-mongoose-for-mongodb-d2a7aa593c57}}
}

@misc{image-vagrant,
	author       = {Czerasz}, 
	title        = {Vagrant workflow},
	howpublished = {\url{http://czerasz.com/2015/01/06/vagrant-workflows/}}
}

@misc{image-ansible,
	author       = {RoyalCyber}, 
	title        = {Automation with Ansible},
	howpublished = {\url{http://blog.royalcyber.com/devops/new-level-of-automation-with-ansible/}}
}

@misc{,
	author       = {}, 
	title        = {},
	howpublished = {\url{}}
}

@misc{,
	author       = {}, 
	title        = {},
	howpublished = {\url{}}
}

@misc{,
	author       = {}, 
	title        = {},
	howpublished = {\url{}}
}

@misc{,
	author       = {}, 
	title        = {},
	howpublished = {\url{}}
}






